<?xml version="1.0" encoding="UTF-8"?><collection xmlns="http://www.loc.gov/MARC21/slim"><record><leader>00393nam--2200121-i-4500</leader><controlfield tag="001">000007883</controlfield><controlfield tag="002">20161230</controlfield><controlfield tag="005">20161230201027</controlfield><controlfield tag="008">060222s1000------------r-----000-0-eng-d</controlfield><datafield ind1=" " ind2=" " tag="080"><subfield code="a">621.039.86</subfield></datafield><datafield ind1=" " ind2=" " tag="245"><subfield code="a">Colloque sur la datation par la radioactivite et sur les methodes de comptage des faibles activites. monaco, 2-10 mars, 1967. resumes des memoires</subfield></datafield><datafield ind1=" " ind2=" " tag="260"><subfield code="a">Pagini Diferite</subfield></datafield><datafield ind1=" " ind2=" " tag="852"><subfield code="a">25240</subfield></datafield></record></collection>